<?xml version="1.0" encoding="UTF-8"?><collection xmlns="http://www.loc.gov/MARC21/slim"><record><leader>00476nam--2200181-u-4500</leader><controlfield tag="001">000056588</controlfield><controlfield tag="002">20161230</controlfield><controlfield tag="005">20161230201052</controlfield><controlfield tag="008">160210s1000------------r-----000-0-eng-d</controlfield><datafield ind1=" " ind2=" " tag="040"><subfield code="a">IFIN-HH</subfield></datafield><datafield ind1=" " ind2=" " tag="080"><subfield code="a">02</subfield></datafield><datafield ind1="1" ind2=" " tag="100"><subfield code="a">Regneala, Mircea</subfield></datafield><datafield ind1="1" ind2="0" tag="245"><subfield code="a">Tratat de biblioteconomie vol. ii. partea i</subfield><subfield code="c">Mircea regenala (coord.)</subfield></datafield><datafield ind1=" " ind2=" " tag="260"><subfield code="a">Bucuresti</subfield><subfield code="b">Abr</subfield><subfield code="c">2014</subfield></datafield><datafield ind1=" " ind2=" " tag="300"><subfield code="a">621P</subfield></datafield><datafield ind1=" " ind2=" " tag="490"><subfield code="a">Colectia Bibliotca Abr, 27</subfield></datafield><datafield ind1=" " ind2=" " tag="852"><subfield code="a">82367</subfield><subfield code="c">02</subfield></datafield><datafield ind1=" " ind2=" " tag="CAT"><subfield code="a">Sys</subfield><subfield code="c">20160210</subfield><subfield code="h">134457</subfield></datafield></record></collection>